@misc{rafailov2023dpo,
      title={Direct Preference Optimization: Your Language Model is Secretly a Reward Model},
      author={Rafael Rafailov and Archit Sharma and Eric Mitchell and Stefano Ermon and Christopher D. Manning and Chelsea Finn},
      year={2023},
      eprint={2305.18290},
      archivePrefix={arXiv},
      primaryClass={cs.LG}
}

@misc{yao2022react,
      title={ReAct: Synergizing Reasoning and Acting in Language Models},
      author={Shunyu Yao and Jeffrey Zhao and Dian Yu and Nan Du and Izhak Shafran and Karthik Narasimhan and Yuan Cao},
      year={2022},
      eprint={2210.03629},
      archivePrefix={arXiv},
      primaryClass={cs.CL}
}

@misc{guan2025rstar,
      title={rStar-Math: Enhancing Small Language Model Math Reasoning via Deep Monte Carlo Thinking},
      author={Zhihong Guan and Ming-Jun Li and Ying-Cong Chen and Dong Li and Wenjun Zeng and Yang Yu},
      year={2024}, % Note: Paper appeared in 2024, key might be slightly ahead
      eprint={2406.04365},
      archivePrefix={arXiv},
      primaryClass={cs.CL}
}

@misc{gsm8k,
      title={Training Verifiers to Solve Math Word Problems},
      author={Karl Cobbe and Vineet Kosaraju and Mohammad Bavarian and Mark Chen and Heewoo Jun and Lukasz Kaiser and Matthias Plappert and Jerry Tworek and Jacob Hilton and Reiichiro Nakano and Christopher Hesse and John Schulman},
      year={2021},
      eprint={2110.14168},
      archivePrefix={arXiv},
      primaryClass={cs.LG}
}

@misc{hendrycksmath2021,
      title={Measuring Mathematical Problem Solving With the MATH Dataset},
      author={Dan Hendrycks and Collin Burns and Saurav Kadavath and Akul Arora and Steven Basart and Eric Tang and Dawn Song and Jacob Steinhardt},
      year={2021},
      eprint={2103.03874},
      archivePrefix={arXiv},
      primaryClass={cs.LG}
}